<record><leader>00000cas a22000007a 4500</leader><controlfield tag="001">8807387</controlfield><controlfield tag="008">820925d18491851hiuwr ne      0    0eng  </controlfield><controlfield tag="009">466</controlfield><datafield ind1=" " ind2=" " tag="010"><subfield code="a">sn 82014684 </subfield></datafield><datafield ind1=" " ind2=" " tag="040"><subfield code="a">DLC</subfield><subfield code="b">eng</subfield><subfield code="c">DLC</subfield><subfield code="d">NPX</subfield><subfield code="d">NPU</subfield><subfield code="d">HWN</subfield><subfield code="d">DLC</subfield><subfield code="d">HWN</subfield><subfield code="d">OCL</subfield><subfield code="d">OCLCO</subfield><subfield code="d">OCLCF</subfield></datafield><datafield ind1="1" ind2=" " tag="029"><subfield code="a">AU@</subfield><subfield code="b">000025821032</subfield></datafield><datafield ind1=" " ind2=" " tag="042"><subfield code="a">msc</subfield></datafield><datafield ind1=" " ind2=" " tag="043"><subfield code="a">n-us-hi</subfield></datafield><datafield ind1="0" ind2="0" tag="050"><subfield code="a">Newspaper 7541-X</subfield></datafield><datafield ind1="0" ind2=" " tag="130"><subfield code="a">Honolulu times (Honolulu, Hawaii : 1849)</subfield></datafield><datafield ind1="0" ind2="0" tag="245"><subfield code="a">Honolulu times.</subfield></datafield><datafield ind1=" " ind2=" " tag="260"><subfield code="a">Honolulu, Oahu [Hawaii :</subfield><subfield code="b">H.L. Sheldon],</subfield><subfield code="c">1849-1851.</subfield></datafield><datafield ind1=" " ind2=" " tag="300"><subfield code="a">2 v. ;</subfield><subfield code="c">45-68 cm.</subfield></datafield><datafield ind1=" " ind2=" " tag="310"><subfield code="a">Weekly</subfield></datafield><datafield ind1="0" ind2=" " tag="362"><subfield code="a">Vol. 1, no. 1 (Nov. 8, 1849)-v. 2, no. 16 (Feb. 19, 1851).</subfield></datafield><datafield ind1=" " ind2=" " tag="515"><subfield code="a">Publication suspended, per publisher's Feb. 24, 1851 notice to subscribers.</subfield></datafield><datafield ind1=" " ind2=" " tag="525"><subfield code="a">Includes unnumbered Dec. 27, 1849, issue called: Honolulu times-Extra.</subfield></datafield><datafield ind1=" " ind2=" " tag="500"><subfield code="a">Editors: 1849-May 1, 1850, H.L. Sheldon; May 8, 1950-1851, E.C. Munn.</subfield></datafield><datafield ind1=" " ind2="0" tag="651"><subfield code="a">Hawaii</subfield><subfield code="v">Newspapers.</subfield></datafield><datafield ind1=" " ind2="7" tag="655"><subfield code="a">Newspapers.</subfield><subfield code="2">fast</subfield><subfield code="0">(OCoLC)fst01423814</subfield></datafield><datafield ind1=" " ind2="7" tag="651"><subfield code="a">Hawaii.</subfield><subfield code="2">fast</subfield><subfield code="0">(OCoLC)fst01208724</subfield></datafield><datafield ind1="1" ind2=" " tag="700"><subfield code="a">Munn, Edmund C.</subfield></datafield><datafield ind1="1" ind2=" " tag="700"><subfield code="a">Sheldon, Henry L.</subfield></datafield><datafield ind1=" " ind2=" " tag="752"><subfield code="a">United States</subfield><subfield code="b">Hawaii</subfield><subfield code="c">Honolulu</subfield><subfield code="d">Honolulu.</subfield></datafield></record>